% Encoding: UTF-8

@Book{Gittewitt_1992,
  title     = {Conceptual physics},
  publisher = {Addison-Wesley},
  year      = {1992},
  author    = {Gittewitt, P.},
}

@Book{Hayden_1975,
  title     = {Laboratory physics for the life sciences},
  publisher = {Saunders},
  year      = {1975},
  author    = {Hayden, H.},
}

@Book{Meiners_1970,
  title     = {Physics demostration experiments},
  publisher = {Ronald},
  year      = {1970},
  author    = {Meiners, H.},
}

@Book{Boorse_1989,
  title     = {The atomic scientists: a biographical history},
  publisher = {Wiley},
  year      = {1989},
  author    = {Boorse, H. A. and Motz, L. and Weaver J. H.},
}

@Book{Careri_1984,
  title     = {Order and disorder in matter},
  publisher = {Benjamin},
  year      = {1984},
  author    = {Careri, G.},
}

@Book{Flowers_1970,
  title     = {Propierties of matter},
  publisher = {John Wiley},
  year      = {1970},
  author    = {Flowers, B. H. and Mendoza, E.},
}

@Book{Gamow_1966,
  title     = {Thirty years that shook physics},
  publisher = {Dover},
  year      = {1966},
  author    = {Gamow, G.},
}

@Book{Hoffman_1959,
  title     = {The strange story of the quantum},
  publisher = {Dover},
  year      = {1959},
  author    = {Hoffman, B.},
}

@Book{Thefil_1993,
  title     = {The sciences: an integrated aproach},
  publisher = {Wiley},
  year      = {1993},
  author    = {Thefil, J. and Hazem, R. M.},
}

@Comment{jabref-meta: databaseType:bibtex;}
