% This file was created with JabRef 2.10.
% Encoding: UTF-8


@Book{Giordano_1997,
  Title                    = {Computational Phy},
  Author                   = {Giordano, Nicholas J.},
  Publisher                = {Prentice Hall},
  Year                     = {1997},

  Owner                    = {gustavo},
  Timestamp                = {2017.08.02}
}

@Book{Gould_1988,
  Title                    = {An introduction to computer simulation methods: Applications to physical systems},
  Author                   = {Gould, H. and Tobochnik, J.},
  Publisher                = {Addison Wesley Publishing Company},
  Year                     = {1988},

  Owner                    = {gustavo},
  Timestamp                = {2017.01.31}
}

@Book{Gries_2013,
  Title                    = {Practical Programming. An Introduction to Computer Science Using Python 3},
  Author                   = {Gries, Paul and Campell, Jennifer and Montojo, Jason},
  Editor                   = {Beighley, Lynn},
  Publisher                = {The Pragmatic Bookshelf},
  Year                     = {2013},

  Owner                    = {gustavo},
  Timestamp                = {2017.08.02}
}

@Book{Kahaner_1989,
  Title                    = {Numerical methods and software},
  Author                   = {Kahaner, D and Moler, C and Nash, S},
  Publisher                = {Prentice Hall},
  Year                     = {1989},

  Owner                    = {gustavo},
  Timestamp                = {2017.01.31}
}

@Book{Klein_2006,
  Title                    = {Introductory Computational Physics},
  Author                   = {Klein, A and Godunov, A},
  Publisher                = {Cambridge University Press},
  Year                     = {2006},

  Owner                    = {gustavo},
  Timestamp                = {2017.01.31}
}

@Book{Pang_2006,
  Title                    = {An Introduction to Computational Physics},
  Author                   = {Pang, Tao},
  Publisher                = {Cambridge University Press},
  Year                     = {2006},

  Owner                    = {gustavo},
  Timestamp                = {2017.08.02}
}

@Article{Rojas_2009,
  Title                    = {Física computacional: una propuesta educativa},
  Author                   = {Rojas, J.F. and Morales, M.A. and Rangel, A. and Torres, I.},
  Journal                  = {Revista Mexicana de Física},
  Year                     = {2009},

  Month                    = {Junio},
  Number                   = {1},
  Pages                    = {97-111},
  Volume                   = {E55},

  Owner                    = {gustavo},
  Timestamp                = {2017.01.31}
}

@Book{Vesely_1994,
  Title                    = {Computational physics: An introduction},
  Author                   = {Vesely, F.},
  Publisher                = {Plenum Press},
  Year                     = {1994},

  Owner                    = {gustavo},
  Timestamp                = {2017.01.31}
}

@Book{Elkner_2012,
  Title                    = {How to Think Like a Computer Scientist: Learning with Python 3},
  Author                   = {Wenrworth, Peter and Elkner, Jeffrey and Downey, Allen B and Meyers Chris},
  Publisher                = {GNU Free Documentation License},
  Year                     = {2012},

  Owner                    = {gustavo},
  Timestamp                = {2017.08.02}
}

